%% LaTeX2e file `main.bib'
%% generated by the `filecontents' environment
%% from source `main' on 2018/07/04.
%%

@article{gavrilovic1975optimal,
  title={Optimal approximation of convex curves by functions which are piecewise linear},
  author={Gavrilovi{\'c}, Mom{\v{c}}ilo M},
  journal={Journal of Mathematical Analysis and Applications},
  volume={52},
  number={2},
  pages={260--282},
  year={1975},
  publisher={Elsevier}
}

@article{mhaskar1992approximation,
  title={Approximation by superposition of sigmoidal and radial basis functions},
  author={Mhaskar, Hrushikesh N and Micchelli, Charles A},
  journal={Advances in Applied mathematics},
  volume={13},
  number={3},
  pages={350--373},
  year={1992},
  publisher={Academic Press}
}

@article{leshno1992multilayer,
  title={Multilayer feedforward networks with a non-polynomial activation function can approximate any function},
  author={Leshno, Moshe and Lin, Valdimir Ya and Pinkus, Allan and Schocken, Shimon},
  journal={Neural Networks},
  year={1992}
}

@article{tao1997convex,
  title={Convex analysis approach to dc programming: Theory, algorithms and applications},
  author={Tao, Pham Dinh},
  journal={Acta Mathematica Vietnamica},
  volume={22},
  number={1},
  pages={289--355},
  year={1997}
}

@article{pinkus1999approximation,
  title={Approximation theory of the MLP model in neural networks},
  author={Pinkus, Allan},
  journal={Acta numerica},
  volume={8},
  pages={143--195},
  year={1999},
  publisher={Cambridge University Press}
}

@book{boyd2004convex,
  title={Convex optimization},
  author={Boyd, Stephen and Vandenberghe, Lieven},
  year={2004},
  publisher={Cambridge university press}
}

@article{tao2005dc,
  title={The DC (difference of convex functions) programming and DCA revisited with DC models of real world nonconvex optimization problems},
  author={Tao, Pham Dinh and others},
  journal={Annals of operations research},
  volume={133},
  number={1-4},
  pages={23--46},
  year={2005},
  publisher={Springer}
}

@article{magnani2009convex,
  title={Convex piecewise-linear fitting},
  author={Magnani, Alessandro and Boyd, Stephen P},
  journal={Optimization and Engineering},
  volume={10},
  number={1},
  pages={1--17},
  year={2009},
  publisher={Springer}
}

@inproceedings{ram2012maximum,
  title={Maximum inner-product search using cone trees},
  author={Ram, Parikshit and Gray, Alexander G},
  booktitle={Proceedings of the 18th ACM SIGKDD international conference on Knowledge discovery and data mining},
  pages={931--939},
  year={2012},
  organization={ACM}
}

@article{le2012exact,
  title={Exact penalty and error bounds in DC programming},
  author={Le Thi, Hoai An and Dinh, Tao Pham and Van Ngai, Huynh},
  journal={Journal of Global Optimization},
  volume={52},
  number={3},
  pages={509--535},
  year={2012},
  publisher={Springer}
}
@article{hannah2013multivariate,
  title={Multivariate convex regression with adaptive partitioning},
  author={Hannah, Lauren A and Dunson, David B},
  journal={The Journal of Machine Learning Research},
  volume={14},
  number={1},
  pages={3261--3294},
  year={2013},
  publisher={JMLR. org}
}

@inproceedings{wang2013secure,
  title={Secure and efficient range queries on outsourced databases using Rp-trees},
  author={Wang, Peng and Ravishankar, Chinya V},
  booktitle={Data Engineering (ICDE), 2013 IEEE 29th International Conference on},
  pages={314--325},
  year={2013},
  organization={IEEE}
}

@inproceedings{bachrach2014speeding,
  title={Speeding up the xbox recommender system using a euclidean transformation for inner-product spaces},
  author={Bachrach, Yoram and Finkelstein, Yehuda and Gilad-Bachrach, Ran and Katzir, Liran and Koenigstein, Noam and Nice, Nir and Paquet, Ulrich},
  booktitle={Proceedings of the 8th ACM Conference on Recommender systems},
  pages={257--264},
  year={2014},
  organization={ACM}
}

@article{curtin2014dual,
  title={Dual-tree fast exact max-kernel search},
  author={Curtin, Ryan R and Ram, Parikshit},
  journal={Statistical Analysis and Data Mining: The ASA Data Science Journal},
  volume={7},
  number={4},
  pages={229--253},
  year={2014},
  publisher={Wiley Online Library}
}

@inproceedings{piot2014difference,
  title={Difference of convex functions programming for reinforcement learning},
  author={Piot, Bilal and Geist, Matthieu and Pietquin, Olivier},
  booktitle={Advances in Neural Information Processing Systems},
  pages={2519--2527},
  year={2014}
}

@incollection{dinh2014recent,
  title={Recent advances in DC programming and DCA},
  author={Dinh, Tao Pham and Le Thi, Hoai An},
  booktitle={Transactions on computational intelligence XIII},
  pages={1--37},
  year={2014},
  publisher={Springer}
}

@article{balazs2015near,
  title={Near-optimal max-affine estimators for convex regression},
  author={Bal{\'a}zs, G{\'a}bor and Gy{\"o}rgy, Andr{\'a}s and Szepesv{\'a}ri, Csaba},
  journal={AISTATS},
  year={2015}
}

@article{le2015dc,
  title={DC approximation approaches for sparse optimization},
  author={Le Thi, Hoai An and Dinh, T Pham and Le, Hoai Minh and Vo, Xuan Thanh},
  journal={European Journal of Operational Research},
  volume={244},
  number={1},
  pages={26--46},
  year={2015},
  publisher={Elsevier}
}

@article{bach2015hinge,
  title={Hinge-loss markov random fields and probabilistic soft logic},
  author={Bach, Stephen H and Broecheler, Matthias and Huang, Bert and Getoor, Lise},
  journal={arXiv preprint arXiv:1505.04406},
  year={2015}
}

@article{chen2016upper,
  title={The upper bound on knots in neural networks},
  author={Chen, Kevin K},
  journal={arXiv preprint arXiv:1611.09448},
  year={2016}
}

@article{chen2016empirical,
  title={The empirical size of trained neural networks},
  author={Chen, Kevin K and Gamst, Anthony and Walker, Alden},
  journal={arXiv preprint arXiv:1611.09444},
  year={2016}
}

@inproceedings{chen2016knots,
  title={Knots in random neural networks},
  author={Chen, Kevin K and Gamst, Anthony C and Walker, Alden K},
  booktitle={Neural Information Processing Systems (NIPS), Workshop on Bayesian Deep Learning},
  year={2016}
}

@article{sonoda2017neural,
  title={Neural network with unbounded activation functions is universal approximator},
  author={Sonoda, Sho and Murata, Noboru},
  journal={Applied and Computational Harmonic Analysis},
  volume={43},
  number={2},
  pages={233--268},
  year={2017},
  publisher={Elsevier}
}

@article{upadhya2017learning,
  title={Learning RBM with a DC programming Approach},
  author={Upadhya, Vidyadhar and Sastry, PS},
  journal={arXiv preprint arXiv:1709.07149},
  year={2017}
}

@article{ciripoi2017vector,
  title={A vector linear programming approach for certain global optimization problems},
  author={Ciripoi, Daniel and L{\"o}hne, Andreas and Wei{\ss}ing, Benjamin},
  journal={Journal of Global Optimization},
  pages={1--26},
  year={2017},
  publisher={Springer}
}

@article{hanin2017universal,
  title={Universal function approximation by deep neural nets with bounded width and relu activations},
  author={Hanin, Boris},
  journal={arXiv preprint arXiv:1708.02691},
  year={2017}
}

@article{han2016multivariate,
  title={Multivariate convex regression: global risk bounds and adaptation},
  author={Han, Qiyang and Wellner, Jon A},
  journal={arXiv preprint arXiv:1601.06844},
  year={2016}
}

@article{balazs2016max,
  title={Max-affine estimators for convex stochastic programming},
  author={Bal{\'a}zs, G{\'a}bor and Gy{\"o}rgy, Andr{\'a}s and Szepesv{\'a}ri, Csaba},
  journal={arXiv preprint arXiv:1609.06331},
  year={2016}
}
